@article{drechsler2012,
	title = {New data dissemination approaches in old Europe {\textendash} synthetic datasets for a German establishment survey},
	author = {Drechsler, {Jörg}},
	year = {2012},
	month = {02},
	date = {2012-02},
	journal = {Journal of Applied Statistics},
	pages = {243--265},
	volume = {39},
	number = {2},
	doi = {10.1080/02664763.2011.584523},
	url = {http://dx.doi.org/10.1080/02664763.2011.584523},
	langid = {en}
}

@proceedings{hawala_synthetic_2008,
  author = {Hawala, Sam},
  year = {2008},
  title = {Producing partially synthetic data to avoid disclosure},
  booktitle = {Proceedings of the Joint Statistical Meetings},
  url = {http://www.asasrms.org/Proceedings/y2008/Files/301018.pdf}
}

@article{little_statistical_1993,
  title={Statistical analysis of masked data},
  author={Little, Roderick J. A.},
  journal={Journal of Official Statistics},
  volume={9},
  number = {2},
  pages={407--407},
  year={1993},
}

@article{karr_utility_2006,
  author = {Alan F. Karr and Christine N. Kohnen and Anna Oganian and Jerome P. Reiter and Ashish P. Sanil},
  title = {A Framework for Evaluating the Utility of Data Altered to Protect Confidentiality},
  journal = {The American Statistician},
  volume = {60},
  number = {3},
  pages = {224-232},
  year  = {2006},
  publisher = {Taylor & Francis},
  doi = {10.1198/000313006X124640},
  URL = {https://doi.org/10.1198/000313006X124640},
}

@article{Kanamori2012,
  author={Kanamori, Takafumi and Suzuki, Taiji and Sugiyama, Masashi},
  title={Statistical analysis of kernel-based least-squares density-ratio estimation},
  journal={Machine Learning},
  year={2012},
  volume={86},
  number={3},
  pages={335-367},
  doi={10.1007/s10994-011-5266-3},
  url={https://doi.org/10.1007/s10994-011-5266-3}
}

@article{kanamori_ulsif_2009,
  author = {Takafumi Kanamori and Shohei Hido and Masashi Sugiyama},
  title = {A Least-squares Approach to Direct Importance Estimation},
  journal = {Journal of Machine Learning Research},
  year = {2009},
  volume = {10},
  number = {48},
  pages = {1391--1445},
  url = {http://jmlr.org/papers/v10/kanamori09a.html}
}



@article{liu_change_2013,
  title = {Change-point detection in time-series data by relative density-ratio estimation},
  journal = {Neural Networks},
  volume = {43},
  pages = {72-83},
  year = {2013},
  issn = {0893-6080},
  doi = {https://doi.org/10.1016/j.neunet.2013.01.012},
  url = {https://www.sciencedirect.com/science/article/pii/S0893608013000270},
  author = {Song Liu and Makoto Yamada and Nigel Collier and Masashi Sugiyama}
}

@article{nowok2016,
	title = {{\textbf{synthpop}}: Bespoke Creation of Synthetic Data in {\emph{R}}},
	author = {Nowok, Beata and Raab, Gillian M. and Dibben, Chris},
	year = {2016},
	date = {2016},
	journal = {Journal of Statistical Software},
	volume = {74},
	number = {11},
	doi = {10.18637/jss.v074.i11},
	url = {http://dx.doi.org/10.18637/jss.v074.i11},
	langid = {en}
}

@article{obermeyer2019,
	title = {Dissecting racial bias in an algorithm used to manage the health of populations},
	author = {Obermeyer, Ziad and Powers, Brian and Vogeli, Christine and Mullainathan, Sendhil},
	year = {2019},
	month = {10},
	date = {2019-10-25},
	journal = {Science},
	pages = {447--453},
	volume = {366},
	number = {6464},
	doi = {10.1126/science.aax2342},
	url = {http://dx.doi.org/10.1126/science.aax2342},
	langid = {en}
}

@article{rosenbaum_propensity_scores_1983,
  author = {Rosenbaum, Paul R. and Rubin, Donald B.},
  title = {The central role of the propensity score in observational studies for causal effects},
  journal = {Biometrika},
  volume = {70},
  number = {1},
  pages = {41-55},
  year = {1983},
  month = {04},
  issn = {0006-3444},
  doi = {10.1093/biomet/70.1.41},
  url = {https://doi.org/10.1093/biomet/70.1.41},
}


@article{rubin_statistical_1993,
  title={Statistical disclosure limitation},
  author={Rubin, Donald B},
  journal={Journal of official Statistics},
  volume={9},
  number={2},
  pages={461--468},
  year={1993}
}

@INPROCEEDINGS{shohei_dre_outlier_2008,
  author={Hido, Shohei and Tsuboi, Yuta and Kashima, Hisashi and Sugiyama, Masashi and Kanamori, Takafumi},
  booktitle={2008 Eighth IEEE International Conference on Data Mining},
  title={Inlier-Based Outlier Detection via Direct Density Ratio Estimation},
  year={2008},
  editor = {Giannotti, Fosca and Gunopulos, Dimitrios and Turini, Franco and Zaniolo, Carlo and Ramakrishnan, Naren and Wu, Xindong},
  pages={223-232},
  doi={10.1109/ICDM.2008.49}
}

@technicalreport{SIPP_Beta_2006,
  author = {Abowd, John M. and Stinson, Martha and Benedetto, Gary},
  title = {Final Report to the Social Security Administration on the {SIPP/SSA/IRS} Public Use File Project},
  institution = {Longitudinal Employer-Household Dynamics Program, U.S. Bureau of the Census, Washington, DC.},
  url = {https://ecommons.cornell.edu/bitstream/handle/1813/43929/SSAfinal.pdf?sequence=3&isAllowed=y},
  year = {2006}
}

@article{snoke_utility_2018,
  ISSN = {09641998, 1467985X},
  URL = {https://www.jstor.org/stable/48547509},
  author = {Joshua Snoke and Gillian M. Raab and Beata Nowok and Chris Dibben and Aleksandra Slavkovic},
  journal = {Journal of the Royal Statistical Society. Series A (Statistics in Society)},
  number = {3},
  pages = {pp. 663--688},
  publisher = {[Wiley, Royal Statistical Society]},
  title = {General and specific utility measures for synthetic data},
  urldate = {2023-06-20},
  volume = {181},
  year = {2018},
  doi = {https://doi.org/10.1111/rssa.12358}
}

@article{sugiyama_bregman_2012,
  author={Sugiyama, Masashi and Suzuki, Taiji and Kanamori, Takafumi},
  title={Density-ratio matching under the Bregman divergence: a unified framework of density-ratio estimation},
  journal={Annals of the Institute of Statistical Mathematics},
  year={2012},
  month={Oct},
  day={01},
  volume={64},
  number={5},
  pages={1009-1044},
  doi={10.1007/s10463-011-0343-8},
  url={https://doi.org/10.1007/s10463-011-0343-8}
}


@book{sugiyama_suzuki_kanamori_2012,
  place={Cambridge},
  title={Density Ratio Estimation in Machine Learning},
  DOI={10.1017/CBO9781139035613},
  publisher={Cambridge University Press},
  author={Sugiyama, Masashi and Suzuki, Taiji and Kanamori, Takafumi},
  year={2012}
}

@article{sugiyama_lstst_2011,
  title = {Least-squares two-sample test},
  journal = {Neural Networks},
  volume = {24},
  number = {7},
  pages = {735-751},
  year = {2011},
  issn = {0893-6080},
  doi = {https://doi.org/10.1016/j.neunet.2011.04.003},
  url = {https://www.sciencedirect.com/science/article/pii/S0893608011001262},
  author = {Masashi Sugiyama and Taiji Suzuki and Yuta Itoh and Takafumi Kanamori and Manabu Kimura}
}


@InProceedings{sugiyama_conditional_2010,
  title = {Conditional Density Estimation via Least-Squares Density Ratio Estimation},
  author = {Sugiyama, Masashi and Takeuchi, Ichiro and Suzuki, Taiji and Kanamori, Takafumi and Hachiya, Hirotaka and Okanohara, Daisuke},
  booktitle = {Proceedings of the Thirteenth International Conference on Artificial Intelligence and Statistics},
  pages = {781--788},
  year = {2010},
  editor = {Teh, Yee Whye and Titterington, Mike},
  volume = {9},
  series = {Proceedings of Machine Learning Research},
  address = {Chia Laguna Resort, Sardinia, Italy},
  month = {13--15 May},
  publisher = {PMLR},
  pdf = {http://proceedings.mlr.press/v9/sugiyama10a/sugiyama10a.pdf},
  url = {https://proceedings.mlr.press/v9/sugiyama10a.html},
}

@article{sugiyama_classification_2010,
  title = {Superfast-Trainable Multi-Class Probabilistic Classifier by Least-Squares Posterior Fitting},
  author = {Sugiyama, Masashi},
  year = {2010},
  doi = {10.1587/transinf.E93.D.2690},
  journal = {IEICE Transactions on Information and Systems},
  volume = {E93-D},
  number = {10}
}


@article{Woo_global_2009,
  title={Global Measures of Data Utility for Microdata Masked for Disclosure Limitation},
  volume={1},
  url={https://journalprivacyconfidentiality.org/index.php/jpc/article/view/568},
  DOI={10.29012/jpc.v1i1.568},
  number={1},
  journal={Journal of Privacy and Confidentiality},
  author={Woo, Mi-Ja and Reiter, Jerome P. and Oganian, Anna and Karr, Alan F.},
  year={2009},
  month={Apr.}
}

@article{vandewiel2023,
	title = {Think before you shrink: Alternatives to default shrinkage methods can improve prediction accuracy, calibration and coverage},
	author = {van de Wiel, Mark A. and Leday, {Gwenaël G. R.} and Hoogland, Jeroen and Heymans, Martijn W. and van Zwet, Erik W. and Zwinderman, Ailko H.},
	year = {2023},
	date = {2023},
	doi = {10.48550/ARXIV.2301.09890},
	url = {https://arxiv.org/abs/2301.09890}
}

@article{volker2021,
	title = {Anonymiced Shareable Data: Using mice to Create and Analyze Multiply Imputed Synthetic Datasets},
	author = {Volker, Thom Benjamin and Vink, Gerko},
	year = {2021},
	month = {11},
	date = {2021-11-23},
	journal = {Psych},
	pages = {703--716},
	volume = {3},
	number = {4},
	doi = {10.3390/psych3040045},
	url = {http://dx.doi.org/10.3390/psych3040045},
	langid = {en}
}

@article{zettler2021,
	title = {The Role of Personality in COVID-19-Related Perceptions, Evaluations, and Behaviors: Findings Across Five Samples, Nine Traits, and 17 Criteria},
	author = {Zettler, Ingo and Schild, Christoph and Lilleholt, Lau and Kroencke, Lara and Utesch, Till and Moshagen, Morten and {Böhm}, Robert and Back, Mitja D. and Geukes, Katharina},
	year = {2021},
	month = {04},
	date = {2021-04-05},
	journal = {Social Psychological and Personality Science},
	pages = {299--310},
	volume = {13},
	number = {1},
	doi = {10.1177/19485506211001680},
	url = {http://dx.doi.org/10.1177/19485506211001680},
	langid = {en}
}

@book{nikolenko2021,
	title = {Synthetic Data for Deep Learning},
	author = {Nikolenko, Sergey I.},
	year = {2021},
	date = {2021},
	publisher = {Springer International Publishing},
	doi = {10.1007/978-3-030-75178-4},
	url = {http://dx.doi.org/10.1007/978-3-030-75178-4}
}

@article{patki2016,
	title = {The Synthetic Data Vault},
	author = {Patki, Neha and Wedge, Roy and Veeramachaneni, Kalyan},
	year = {2016},
	month = {10},
	date = {2016-10},
	journal = {2016 IEEE International Conference on Data Science and Advanced Analytics (DSAA)},
	doi = {10.1109/dsaa.2016.49},
	url = {http://dx.doi.org/10.1109/DSAA.2016.49}
}

@inproceedings{xu_ctgan_2019,
 author = {Xu, Lei and Skoularidou, Maria and Cuesta-Infante, Alfredo and Veeramachaneni, Kalyan},
 booktitle = {Advances in Neural Information Processing Systems},
 editor = {H. Wallach and H. Larochelle and A. Beygelzimer and F. d\textquotesingle Alch\'{e}-Buc and E. Fox and R. Garnett},
 pages = {},
 publisher = {Curran Associates, Inc.},
 title = {Modeling Tabular data using Conditional GAN},
 url = {https://proceedings.neurips.cc/paper_files/paper/2019/file/254ed7d2de3b23ab10936522dd547b78-Paper.pdf},
 volume = {32},
 year = {2019}
}


@InProceedings{drechsler_utility_2022,
  author="Drechsler, J{\"o}rg",
  editor="Domingo-Ferrer, Josep and Laurent, Maryline",
  title="Challenges in Measuring Utility for Fully Synthetic Data",
  booktitle="Privacy in Statistical Databases",
  year="2022",
  publisher="Springer International Publishing",
  address="Cham",
  pages="220--233",
  isbn="978-3-031-13945-1",
  doi="https://doi.org/10.1007/978-3-031-13945-1_16"
}



@article{drechsler2023,
	title = {30 Years of Synthetic Data},
	author = {Drechsler, J\"{o}rg and Haensch, Anna-Carolina},
	year = {2023},
	doi = {10.48550/ARXIV.2304.02107},
	url = {https://arxiv.org/abs/2304.02107}
}

@article{sugiyama2008,
	title = {Direct importance estimation for covariate shift adaptation},
	author = {Sugiyama, Masashi and Suzuki, Taiji and Nakajima, Shinichi and Kashima, Hisashi and {von Bünau}, Paul and Kawanabe, Motoaki},
	year = {2008},
	month = {08},
	date = {2008-08-30},
	journal = {Annals of the Institute of Statistical Mathematics},
	pages = {699--746},
	volume = {60},
	number = {4},
	doi = {10.1007/s10463-008-0197-x},
	url = {http://dx.doi.org/10.1007/s10463-008-0197-x},
	langid = {en}
}
